<?xml version="1.0" encoding="UTF-8"?><collection xmlns="http://www.loc.gov/MARC21/slim"><record><leader>00500nam--2200181-i-4500</leader><controlfield tag="001">000008373</controlfield><controlfield tag="002">20161230</controlfield><controlfield tag="005">20161230201027</controlfield><controlfield tag="008">060222s1000------------r-----000-0-eng-d</controlfield><datafield ind1=" " ind2=" " tag="040"><subfield code="a">IFIN-HH</subfield></datafield><datafield ind1=" " ind2=" " tag="080"><subfield code="a">02</subfield></datafield><datafield ind1="1" ind2=" " tag="100"><subfield code="a">Ashworth, Wilfred</subfield></datafield><datafield ind1="1" ind2="0" tag="245"><subfield code="a">Handbook of special librarianship and information work</subfield><subfield code="b">Wilfred ashworth (ed.)</subfield></datafield><datafield ind1=" " ind2=" " tag="250"><subfield code="a">Third Edition Revised And Enlarged</subfield></datafield><datafield ind1=" " ind2=" " tag="260"><subfield code="a">London</subfield><subfield code="b">Aslib</subfield><subfield code="c">1967</subfield></datafield><datafield ind1=" " ind2=" " tag="300"><subfield code="a">III + 624 P</subfield></datafield><datafield ind1=" " ind2=" " tag="852"><subfield code="a">28123</subfield><subfield code="c">02</subfield></datafield><datafield ind1=" " ind2=" " tag="CAT"><subfield code="a">Sys</subfield><subfield code="c">20120808</subfield><subfield code="h">095729</subfield></datafield></record></collection>